@article{bellifemine2002jade,
  title={Jade programmerâ€™s guide},
  author={Bellifemine, Fabio and Caire, Giovanni and Trucco, Tiziana and Rimassa, Giovanni},
  journal={Jade version},
  volume={3},
  year={2002}
}
